@article{silverbush2019,
  title={A systematic approach to orient the human protein-protein interaction network},
  author={Silverbush, Dana and Sharan, Roded},
  journal={Nature communications},
  volume={10},
  number={1},
  pages={1-9},
  year={2019},
  publisher={Nature Publishing Group}
}

@article{hsiao2009,
  title={High-throughput biology in the postgenomic era},
  author={Hsiao, A. and  Kuo, M. D.},
  journal={ Journal of Vascular and Interventional Radiology},
  volume={20},
  number={7 Suppl},
  pages={S488-96},
  year={2009}
}

@article{hasin2017,
  title={Multi-omics approaches to disease},
  author={Hasin, Y. and Seldin, M. and Lusis, A.},
  journal={Genome Biology},
  volume={18},
  number={1},
  pages={1-15},
  year={2017}
}

@article{manzoni2018,
  title={Genome, transcriptome and proteome: the rise of omics data and their integration in biomedical sciences},
  author={Manzoni, Claudia and Kia, Demis A and Vandrovcova, Jana and Hardy, John and Wood, Nicholas W and Lewis, Patrick A and Ferrari, Raffaele},
  journal={Briefings in bioinformatics},
  volume={19},
  number={2},
  pages={286-302},
  year={2018},
  publisher={Oxford University Press}
}

@article{lightbody2019,
  title={Review of applications of high-throughput sequencing in personalized medicine: barriers and facilitators of future progress in research and clinical application},
  author={Lightbody, Gaye and Haberland, Valeriia and Browne, Fiona and Taggart, Laura and Zheng, Huiru and Parkes, Eileen and Blayney, Jaine K},
  journal={Briefings in bioinformatics},
  volume={20},
  number={5},
  pages={1795--1811},
  year={2019},
  publisher={Oxford University Press}
}

@article{kim2016,
  title={Toward systems understanding of leaf senescence: an integrated multi-omics perspective on leaf senescence research},
  author={Kim, Jeongsik and Woo, Hye Ryun and Nam, Hong Gil},
  journal={Molecular plant},
  volume={9},
  number={6},
  pages={813-825},
  year={2016},
  publisher={Elsevier}
}

@article{cai2022,
  title={Machine learning for multi-omics data integration in cancer},
  author={Cai, Zhaoxiang and Poulos, Rebecca C and Liu, Jia and Zhong, Qing},
  journal={iScience},
  pages={103798},
  year={2022},
  publisher={Elsevier}
}

@article{heyn2012,
  title={DNA methylation profiling in the clinic: applications and challenges},
  author={Heyn, Holger and Esteller, Manel},
  journal={Nature Reviews Genetics},
  volume={13},
  number={10},
  pages={679-692},
  year={2012},
  publisher={Nature Publishing Group}
}

@article{grant2007,
  title={Analysis and management of microarray gene expression data},
  author={Grant, Gregory R and Manduchi, Elisabetta and Stoeckert Jr, Christian J},
  journal={Current protocols in molecular biology},
  volume={77},
  number={1},
  pages={19-6},
  year={2007},
  publisher={Wiley Online Library}
}

@article{li2021,
  title={From bulk, single-cell to spatial RNA sequencing},
  author={Li, Xinmin and Wang, Cun-Yu},
  journal={International Journal of Oral Science},
  volume={13},
  number={1},
  pages={1--6},
  year={2021},
  publisher={Nature Publishing Group}
}

@article{svensson2018,
  title={Exponential scaling of single-cell RNA-seq in the past decade},
  author={Svensson, Valentine and Vento-Tormo, Roser and Teichmann, Sarah A},
  journal={Nature protocols},
  volume={13},
  number={4},
  pages={599--604},
  year={2018},
  publisher={Nature Publishing Group}
}

@article{karlsson2021,
  title={A single--cell type transcriptomics map of human tissues},
  author={Karlsson, Max and Zhang, Cheng and M{\'e}ar, Loren and Zhong, Wen and Digre, Andreas and Katona, Borbala and Sj{\"o}stedt, Evelina and Butler, Lynn and Odeberg, Jacob and Dusart, Philip and others},
  journal={Science Advances},
  volume={7},
  number={31},
  pages={eabh2169},
  year={2021},
  publisher={American Association for the Advancement of Science}
}

@article{ramazi2021,
  title={Posttranslational modifications in proteins: resources, tools and prediction methods},
  author={Ramazi, Shahin and Zahiri, Javad},
  journal={Database},
  volume={2021},
  year={2021},
  publisher={Oxford Academic}
}

@article{johnson2016,
  title={Metabolomics: beyond biomarkers and towards mechanisms},
  author={Johnson, Caroline H and Ivanisevic, Julijana and Siuzdak, Gary},
  journal={Nature reviews Molecular cell biology},
  volume={17},
  number={7},
  pages={451-459},
  year={2016},
  publisher={Nature Publishing Group}
}

@article{roberts2012,
  title={Targeted metabolomics},
  author={Roberts, Lee D and Souza, Amanda L and Gerszten, Robert E and Clish, Clary B},
  journal={Current protocols in molecular biology},
  volume={98},
  number={1},
  pages={30-2},
  year={2012},
  publisher={Wiley Online Library}
}

@article{sender2016,
  title={Revised estimates for the number of human and bacteria cells in the body},
  author={Sender, Ron and Fuchs, Shai and Milo, Ron},
  journal={PLoS biology},
  volume={14},
  number={8},
  pages={e1002533},
  year={2016},
  publisher={Public Library of Science San Francisco, CA USA}
}

@article{ursell2012,
  title={Defining the human microbiome},
  author={Ursell, Luke K and Metcalf, Jessica L and Parfrey, Laura Wegener and Knight, Rob},
  journal={Nutrition reviews},
  volume={70},
  number={suppl\_1},
  pages={S38-S44},
  year={2012},
  publisher={Oxford University Press Oxford, UK}
}

@article{mohajeri2018,
  title={The role of the microbiome for human health: from basic science to clinical applications},
  author={Mohajeri, M Hasan and Brummer, Robert JM and Rastall, Robert A and Weersma, Rinse K and Harmsen, Hermie JM and Faas, Marijke and Eggersdorfer, Manfred},
  journal={European journal of nutrition},
  volume={57},
  number={1},
  pages={1-14},
  year={2018},
  publisher={Springer}
}

@article{gillies2016,
  title={Radiomics: images are more than pictures, they are data},
  author={Gillies, Robert J and Kinahan, Paul E and Hricak, Hedvig},
  journal={Radiology},
  volume={278},
  number={2},
  pages={563-577},
  year={2016},
  publisher={Radiological Society of North America}
}

@article{baylin2001,
  title={Aberrant patterns of DNA methylation, chromatin formation and gene expression in cancer},
  author={Baylin, Stephen B and Esteller, Manel and Rountree, Michael R and Bachman, Kurtis E and Schuebel, Kornel and Herman, James G},
  journal={Human molecular genetics},
  volume={10},
  number={7},
  pages={687-692},
  year={2001},
  publisher={Oxford University Press}
}

@article{govender2021,
  title={The Use of ‘Omics for Diagnosing and Predicting Progression of Chronic Kidney Disease: A Scoping Review},
  author={Govender, Melanie A and Brandenburg, Jean-Tristan and Fabian, June and Ramsay, Mich{\`e}le},
  journal={Frontiers in genetics},
  volume={12},
  year={2021},
  publisher={Frontiers Media SA}
}

@article{yugi2016,
  title={Trans-omics: how to reconstruct biochemical networks across multiple ‘omic’layers},
  author={Yugi, Katsuyuki and Kubota, Hiroyuki and Hatano, Atsushi and Kuroda, Shinya},
  journal={Trends in biotechnology},
  volume={34},
  number={4},
  pages={276-290},
  year={2016},
  publisher={Elsevier}
}

@article{karczewski2018,
  title={Integrative omics for health and disease},
  author={Karczewski, Konrad J and Snyder, Michael P},
  journal={Nature Reviews Genetics},
  volume={19},
  number={5},
  pages={299-310},
  year={2018},
  publisher={Nature Publishing Group}
}

@article{misra2019,
  title={Integrated omics: tools, advances and future approaches},
  author={Misra, Biswapriya B and Langefeld, Carl and Olivier, Michael and Cox, Laura A},
  journal={Journal of molecular endocrinology},
  volume={62},
  number={1},
  pages={R21-R45},
  year={2019},
  publisher={Bioscientifica Ltd}
}

@article{kim2010,
  title={DNA methylation as a biomarker for cardiovascular disease risk},
  author={Kim, Myungjin and Long, Tiffany I and Arakawa, Kazuko and Wang, Renwei and Yu, Mimi C and Laird, Peter W},
  journal={PloS one},
  volume={5},
  number={3},
  pages={e9692},
  year={2010},
  publisher={Public Library of Science San Francisco, USA}
}

@article{conesa2019,
  title={Making multi-omics data accessible to researchers},
  author={Conesa, Ana and Beck, Stephan},
  journal={Scientific data},
  volume={6},
  number={1},
  pages={1-4},
  year={2019},
  publisher={Nature Publishing Group}
}

@article{esteban2019,
  title={ColPortal, an integrative multiomic platform for analysing epigenetic interactions in colorectal cancer},
  author={Esteban-Gil, Angel and P{\'e}rez-Sanz, Fernando and Garc{\'\i}a-Solano, Jos{\'e} and Alburquerque-Gonz{\'a}lez, Bego{\~n}a and Parre{\~n}o-Gonz{\'a}lez, Mar{\'\i}a Antonia and Legaz-Garc{\'\i}a, Mar{\'\i}a del Carmen and Fern{\'a}ndez-Breis, Jesualdo Tom{\'a}s and Rodriguez-Braun, Edith and Pimentel, Paola and Tuomisto, Anne and others},
  journal={Scientific data},
  volume={6},
  number={1},
  pages={1-14},
  year={2019},
  publisher={Nature Publishing Group}
}

@article{hawe2019,
  title={Inferring interaction networks from multi-omics data},
  author={Hawe, Johann S and Theis, Fabian J and Heinig, Matthias},
  journal={Frontiers in genetics},
  volume={10},
  pages={535},
  year={2019},
  publisher={Frontiers}
}

@article{gomez2020,
  title={The large scale structure of human metabolism reveals resilience via extensive signaling crosstalk},
  author={G{\'o}mez-Romero, Laura and L{\'o}pez-Reyes, Karina and Hern{\'a}ndez-Lemus, Enrique},
  journal={Frontiers in physiology},
  volume={11},
  pages={1667},
  year={2020},
  publisher={Frontiers}
}

@article{sonawane2019,
  title={Network medicine in the age of biomedical big data},
  author={Sonawane, Abhijeet R and Weiss, Scott T and Glass, Kimberly and Sharma, Amitabh},
  journal={Frontiers in Genetics},
  volume={10},
  pages={294},
  year={2019},
  publisher={Frontiers}
}

@article{szklarczyk2021,
  title={The STRING database in 2021: customizable protein--protein networks, and functional characterization of user-uploaded gene/measurement sets},
  author={Szklarczyk, Damian and Gable, Annika L and Nastou, Katerina C and Lyon, David and Kirsch, Rebecca and Pyysalo, Sampo and Doncheva, Nadezhda T and Legeay, Marc and Fang, Tao and Bork, Peer and others},
  journal={Nucleic acids research},
  volume={49},
  number={D1},
  pages={D605-D612},
  year={2021},
  publisher={Oxford University Press}
}

@article{oughtred2019,
  title={The BioGRID interaction database: 2019 update},
  author={Oughtred, Rose and Stark, Chris and Breitkreutz, Bobby-Joe and Rust, Jennifer and Boucher, Lorrie and Chang, Christie and Kolas, Nadine and O’Donnell, Lara and Leung, Genie and McAdam, Rochelle and others},
  journal={Nucleic acids research},
  volume={47},
  number={D1},
  pages={D529-D541},
  year={2019},
  publisher={Oxford University Press}
}

@article{alonso2019,
  title={APID database: redefining protein--protein interaction experimental evidences and binary interactomes},
  author={Alonso-L{\'o}pez, Diego and Campos-Laborie, Francisco J and Guti{\'e}rrez, Miguel A and Lambourne, Luke and Calderwood, Michael A and Vidal, Marc and De Las Rivas, Javier},
  journal={Database},
  volume={2019},
  year={2019},
  publisher={Oxford Academic}
}

@article{lambert2018,
  title={The human transcription factors},
  author={Lambert, Samuel A and Jolma, Arttu and Campitelli, Laura F and Das, Pratyush K and Yin, Yimeng and Albu, Mihai and Chen, Xiaoting and Taipale, Jussi and Hughes, Timothy R and Weirauch, Matthew T},
  journal={Cell},
  volume={172},
  number={4},
  pages={650-665},
  year={2018},
  publisher={Elsevier}
}

@article{lee2013,
  title={Transcriptional regulation and its misregulation in disease},
  author={Lee, Tong Ihn and Young, Richard A},
  journal={Cell},
  volume={152},
  number={6},
  pages={1237-1251},
  year={2013},
  publisher={Elsevier}
}

@article{bushweller2019,
  title={Targeting transcription factors in cancer—from undruggable to reality},
  author={Bushweller, John H},
  journal={Nature Reviews Cancer},
  volume={19},
  number={11},
  pages={611-624},
  year={2019},
  publisher={Nature Publishing Group}
}

@article{hammal2022,
  title={ReMap 2022: a database of Human, Mouse, Drosophila and Arabidopsis regulatory regions from an integrative analysis of DNA-binding sequencing experiments},
  author={Hammal, Fayrouz and de Langen, Pierre and Bergon, Aur{\'e}lie and Lopez, Fabrice and Ballester, Benoit},
  journal={Nucleic acids research},
  volume={50},
  number={D1},
  pages={D316-D325},
  year={2022},
  publisher={Oxford University Press}
}

@article{han2018,
  title={TRRUST v2: an expanded reference database of human and mouse transcriptional regulatory interactions},
  author={Han, Heonjong and Cho, Jae-Won and Lee, Sangyoung and Yun, Ayoung and Kim, Hyojin and Bae, Dasom and Yang, Sunmo and Kim, Chan Yeong and Lee, Muyoung and Kim, Eunbeen and others},
  journal={Nucleic acids research},
  volume={46},
  number={D1},
  pages={D380-D386},
  year={2018},
  publisher={Oxford University Press}
}

@article{li2020,
  title={Systematic mapping of protein--metabolite interactions with mass spectrometry-based techniques},
  author={Li, Shanshan and Shui, Wenqing},
  journal={Current opinion in biotechnology},
  volume={64},
  pages={24--31},
  year={2020},
  publisher={Elsevier}
}

@article{diether2019,
  title={Systematic mapping of protein-metabolite interactions in central metabolism of Escherichia coli},
  author={Diether, Maren and Nikolaev, Yaroslav and Allain, Fr{\'e}d{\'e}ric HT and Sauer, Uwe},
  journal={Molecular systems biology},
  volume={15},
  number={8},
  pages={e9008},
  year={2019}
}

@article{sanda2012,
  title={Core transcriptional regulatory circuit controlled by the TAL1 complex in human T cell acute lymphoblastic leukemia},
  author={Sanda, Takaomi and Lawton, Lee N and Barrasa, M Inmaculada and Fan, Zi Peng and Kohlhammer, Holger and Gutierrez, Alejandro and Ma, Wenxue and Tatarek, Jessica and Ahn, Yebin and Kelliher, Michelle A and others},
  journal={Cancer cell},
  volume={22},
  number={2},
  pages={209-221},
  year={2012},
  publisher={Elsevier}
}

@article{hu2009,
  title={Profiling the human protein-DNA interactome reveals ERK2 as a transcriptional repressor of interferon signaling},
  author={Hu, Shaohui and Xie, Zhi and Onishi, Akishi and Yu, Xueping and Jiang, Lizhi and Lin, Jimmy and Rho, Hee-sool and Woodard, Crystal and Wang, Hong and Jeong, Jun-Seop and others},
  journal={Cell},
  volume={139},
  number={3},
  pages={610-622},
  year={2009},
  publisher={Elsevier}
}

@article{lapointe2015,
  title={Protein-RNA networks revealed through covalent RNA marks},
  author={Lapointe, Christopher P and Wilinski, Daniel and Saunders, Harriet AJ and Wickens, Marvin},
  journal={Nature methods},
  volume={12},
  number={12},
  pages={1163-1170},
  year={2015},
  publisher={Nature Publishing Group}
}

@article{lin2020,
  title={RNAInter in 2020: RNA interactome repository with increased coverage and annotation},
  author={Lin, Yunqing and Liu, Tianyuan and Cui, Tianyu and Wang, Zhao and Zhang, Yuncong and Tan, Puwen and Huang, Yan and Yu, Jia and Wang, Dong},
  journal={Nucleic acids research},
  volume={48},
  number={D1},
  pages={D189-D197},
  year={2020},
  publisher={Oxford University Press}
}

@article{stacey2018,
  title={Context-specific interactions in literature-curated protein interaction databases},
  author={Stacey, R Greg and Skinnider, Michael A and Chik, Jenny HL and Foster, Leonard J},
  journal={BMC Genomics},
  volume={19},
  number={1},
  pages={1-10},
  year={2018},
  publisher={Springer}
}

@article{caspi2014,
  title={The MetaCyc database of metabolic pathways and enzymes and the BioCyc collection of Pathway/Genome Databases},
  author={Caspi, Ron and Altman, Tomer and Billington, Richard and Dreher, Kate and Foerster, Hartmut and Fulcher, Carol A and Holland, Timothy A and Keseler, Ingrid M and Kothari, Anamika and Kubo, Aya and others},
  journal={Nucleic acids research},
  volume={42},
  number={D1},
  pages={D459-D471},
  year={2014},
  publisher={Oxford University Press}
}

@online{pathways2020,
  author={National Human Genome Research Institute},
  title={Biological pathways},
  url={https://www.genome.gov/27530687/biological-pathways-fact-sheet/},
  year={2020}
}

@online{chakazul2020,
  author={Chakazul},
  title={Metabolic Metro Map},
  url={https://en.wikipedia.org/wiki/Metabolic_pathway},
  year={2016}
}

@article{joshi2005,
  title={Reactome: a knowledgebase of biological pathways},
  author={Joshi-Tope, G and Gillespie, Marc and Vastrik, Imre and D'Eustachio, Peter and Schmidt, Esther and de Bono, Bernard and Jassal, Bijay and Gopinath, GR and Wu, GR and Matthews, Lisa and others},
  journal={Nucleic acids research},
  volume={33},
  number={suppl\_1},
  pages={D428-D432},
  year={2005},
  publisher={Oxford University Press}
}

@article{bader2006,
  title={Pathguide: a pathway resource list.},
  author={Bader, G.D. and Cary, M.P. and Sander, C.},
  journal={Nucleic acids research},
  volume={34},
  pages={D504-D506},
  year={2006}
  }

@article{perfetto2016,
  title={SIGNOR: a database of causal relationships between biological entities},
  author={Perfetto, Livia and Briganti, Leonardo and Calderone, Alberto and Cerquone Perpetuini, Andrea and Iannuccelli, Marta and Langone, Francesca and Licata, Luana and Marinkovic, Milica and Mattioni, Anna and Pavlidou, Theodora and others},
  journal={Nucleic acids research},
  volume={44},
  number={D1},
  pages={D548-D554},
  year={2016},
  publisher={Oxford University Press}
}

@article{kandasamy2010,
  title={NetPath: a public resource of curated signal transduction pathways},
  author={Kandasamy, Kumaran and Mohan, S Sujatha and Raju, Rajesh and Keerthikumar, Shivakumar and Kumar, Ghantasala S Sameer and Venugopal, Abhilash K and Telikicherla, Deepthi and Navarro, J Daniel and Mathivanan, Suresh and Pecquet, Christian and others},
  journal={Genome biology},
  volume={11},
  number={1},
  pages={1-9},
  year={2010},
  publisher={BioMed Central}
}

@article{keseler2017,
  title={The EcoCyc database: reflecting new knowledge about Escherichia coli K-12},
  author={Keseler, Ingrid M and Mackie, Amanda and Santos-Zavaleta, Alberto and Billington, Richard and Bonavides-Mart{\'\i}nez, C{\'e}sar and Caspi, Ron and Fulcher, Carol and Gama-Castro, Socorro and Kothari, Anamika and Krummenacker, Markus and others},
  journal={Nucleic acids research},
  volume={45},
  number={D1},
  pages={D543-D550},
  year={2017},
  publisher={Oxford University Press}
}

@article{naithani2020,
  title={Plant Reactome: a knowledgebase and resource for comparative pathway analysis},
  author={Naithani, Sushma and Gupta, Parul and Preece, Justin and D’Eustachio, Peter and Elser, Justin L and Garg, Priyanka and Dikeman, Daemon A and Kiff, Jason and Cook, Justin and Olson, Andrew and others},
  journal={Nucleic acids research},
  volume={48},
  number={D1},
  pages={D1093-D1103},
  year={2020},
  publisher={Oxford University Press}
}

@article{ashburner2000,
  title={Gene ontology: tool for the unification of biology},
  author={Ashburner, Michael and Ball, Catherine A and Blake, Judith A and Botstein, David and Butler, Heather and Cherry, J Michael and Davis, Allan P and Dolinski, Kara and Dwight, Selina S and Eppig, Janan T and others},
  journal={Nature genetics},
  volume={25},
  number={1},
  pages={25-29},
  year={2000},
  publisher={Nature Publishing Group}
}

@article{domingo2017,
  title={Multimodal mechanistic signatures for neurodegenerative diseases (NeuroMMSig): a web server for mechanism enrichment},
  author={Domingo-Fern{\'a}ndez, Daniel and Kodamullil, Alpha Tom and Iyappan, Anandhi and Naz, Mufassra and Emon, Mohammad Asif and Raschka, Tamara and Karki, Reagon and Springstubbe, Stephan and Ebeling, Christian and Hofmann-Apitius, Martin},
  journal={Bioinformatics},
  volume={33},
  number={22},
  pages={3679-3681},
  year={2017},
  publisher={Oxford University Press}
}

@article{mizuno2012,
  title={AlzPathway: a comprehensive map of signaling pathways of Alzheimer’s disease},
  author={Mizuno, Satoshi and Iijima, Risa and Ogishima, Soichi and Kikuchi, Masataka and Matsuoka, Yukiko and Ghosh, Samik and Miyamoto, Tadashi and Miyashita, Akinori and Kuwano, Ryozo and Tanaka, Hiroshi},
  journal={BMC systems biology},
  volume={6},
  number={1},
  pages={1-10},
  year={2012},
  publisher={Springer}
}

@article{belinky2015,
  title={PathCards: multi-source consolidation of human biological pathways},
  author={Belinky, Frida and Nativ, Noam and Stelzer, Gil and Zimmerman, Shahar and Iny Stein, Tsippi and Safran, Marilyn and Lancet, Doron},
  journal={Database},
  volume={2015},
  year={2015},
  publisher={Oxford Academic}
}

@article{kuperstein2015,
  title={Atlas of Cancer Signalling Network: a systems biology resource for integrative analysis of cancer data with Google Maps},
  author={Kuperstein, Inna and Bonnet, E and Nguyen, Hien-Anh and Cohen, David and Viara, Eric and Grieco, Luca and Fourquet, S and Calzone, Laurence and Russo, Christophe and Kondratova, Maria and others},
  journal={Oncogenesis},
  volume={4},
  number={7},
  pages={e160-e160},
  year={2015},
  publisher={Nature Publishing Group}
}

@article{wishart2020,
  title={PathBank: a comprehensive pathway database for model organisms},
  author={Wishart, David S and Li, Carin and Marcu, Ana and Badran, Hasan and Pon, Allison and Budinski, Zachary and Patron, Jonas and Lipton, Debra and Cao, Xuan and Oler, Eponine and others},
  journal={Nucleic acids research},
  volume={48},
  number={D1},
  pages={D470-D478},
  year={2020},
  publisher={Oxford University Press}
}

@article{jassal2020,
  title={The reactome pathway knowledgebase},
  author={Jassal, Bijay and Matthews, Lisa and Viteri, Guilherme and Gong, Chuqiao and Lorente, Pascual and Fabregat, Antonio and Sidiropoulos, Konstantinos and Cook, Justin and Gillespie, Marc and Haw, Robin and others},
  journal={Nucleic acids research},
  volume={48},
  number={D1},
  pages={D498-D503},
  year={2020},
  publisher={Oxford University Press}
}

@article{martens2021,
  title={WikiPathways: connecting communities},
  author={Martens, Marvin and Ammar, Ammar and Riutta, Anders and Waagmeester, Andra and Slenter, Denise N and Hanspers, Kristina and A. Miller, Ryan and Digles, Daniela and Lopes, Elisson N and Ehrhart, Friederike and others},
  journal={Nucleic acids research},
  volume={49},
  number={D1},
  pages={D613-D621},
  year={2021},
  publisher={Oxford University Press}
}

@article{demir2010,
  title={The BioPAX community standard for pathway data sharing},
  author={Demir, Emek and Cary, Michael P and Paley, Suzanne and Fukuda, Ken and Lemer, Christian and Vastrik, Imre and Wu, Guanming and D'eustachio, Peter and Schaefer, Carl and Luciano, Joanne and others},
  journal={Nature biotechnology},
  volume={28},
  number={9},
  pages={935-942},
  year={2010},
  publisher={Nature Publishing Group}
}

@article{moreews2021,
  title={PAX2GRAPHML: a python library for large-scale regulation network analysis using BioPAX},
  author={Moreews, Fran{\c{c}}ois and Simon, Hugo and Siegel, Anne and Gondret, Florence and Becker, Emmanuelle},
  journal={Bioinformatics},
  volume={37},
  number={24},
  pages={4889--4891},
  year={2021},
  publisher={Oxford University Press}
}

@article{gyori2022,
  title={PyBioPAX: biological pathway exchange in Python},
  author={Gyori, Benjamin M and Hoyt, Charles Tapley},
  journal={Journal of Open Source Software},
  volume={7},
  number={71},
  pages={4136},
  year={2022}
}

@article{hucka2003,
  title={The systems biology markup language (SBML): a medium for representation and exchange of biochemical network models},
  author={Hucka, Michael and Finney, Andrew and Sauro, Herbert M and Bolouri, Hamid and Doyle, John C and Kitano, Hiroaki and Arkin, Adam P and Bornstein, Benjamin J and Bray, Dennis and Cornish-Bowden, Athel and others},
  journal={Bioinformatics},
  volume={19},
  number={4},
  pages={524-531},
  year={2003},
  publisher={Oxford University Press}
}

@article{novere2009,
  title={The systems biology graphical notation},
  author={Novère, Nicolas Le and Hucka, Michael and Mi, Huaiyu and Moodie, Stuart and Schreiber, Falk and Sorokin, Anatoly and Demir, Emek and Wegner, Katja and Aladjem, Mirit I and Wimalaratne, Sarala M and others},
  journal={Nature biotechnology},
  volume={27},
  number={8},
  pages={735-741},
  year={2009},
  publisher={Nature Publishing Group}
}

@article{slater2012,
  title={Saved by the BEL: ringing in a common language for the life sciences},
  author={Slater, Ted and Song, D},
  journal={Drug Discovery World Fall},
  volume={2012},
  pages={75-80},
  year={2012}
}

@article{hermjakob2004,
  title={The HUPO PSI's molecular interaction format—a community standard for the representation of protein interaction data},
  author={Hermjakob, Henning and Montecchi-Palazzi, Luisa and Bader, Gary and Wojcik, Jerome and Salwinski, Lukasz and Ceol, Arnaud and Moore, Susan and Orchard, Sandra and Sarkans, Ugis and Von Mering, Christian and others},
  journal={Nature biotechnology},
  volume={22},
  number={2},
  pages={177-183},
  year={2004},
  publisher={Nature Publishing Group}
}

@article{del2022,
  title={The IntAct database: efficient access to fine-grained molecular interaction data},
  author={Del Toro, Noemi and Shrivastava, Anjali and Ragueneau, Eliot and Meldal, Birgit and Combe, Colin and Barrera, Elisabet and Perfetto, Livia and How, Karyn and Ratan, Prashansa and Shirodkar, Gautam and others},
  journal={Nucleic acids research},
  volume={50},
  number={D1},
  pages={D648-D653},
  year={2022},
  publisher={Oxford University Press}
}

@article{oughtred2021,
  title={The BioGRID database: A comprehensive biomedical resource of curated protein, genetic, and chemical interactions},
  author={Oughtred, Rose and Rust, Jennifer and Chang, Christie and Breitkreutz, Bobby-Joe and Stark, Chris and Willems, Andrew and Boucher, Lorrie and Leung, Genie and Kolas, Nadine and Zhang, Frederick and others},
  journal={Protein Science},
  volume={30},
  number={1},
  pages={187-200},
  year={2021},
  publisher={Wiley Online Library}
}

@article{calderone2020,
  title={Using the MINT database to search protein interactions},
  author={Calderone, Alberto and Iannuccelli, Marta and Peluso, Daniele and Licata, Luana},
  journal={Current Protocols in Bioinformatics},
  volume={69},
  number={1},
  pages={e93},
  year={2020},
  publisher={Wiley Online Library}
}

@article{miller2018,
  title={Explicit interaction information from WikiPathways in RDF facilitates drug discovery in the Open PHACTS Discovery Platform},
  author={Miller, Ryan A and Woollard, Peter and Willighagen, Egon L and Digles, Daniela and Kutmon, Martina and Loizou, Antonis and Waagmeester, Andra and Senger, Stefan and Evelo, Chris T},
  journal={F1000Research},
  volume={7},
  year={2018},
  publisher={Faculty of 1000 Ltd}
}

@article{petri2014,
  title={The pathway ontology--updates and applications},
  author={Petri, Victoria and Jayaraman, Pushkala and Tutaj, Marek and Hayman, G Thomas and Smith, Jennifer R and De Pons, Jeff and Laulederkind, Stanley JF and Lowry, Timothy F and Nigam, Rajni and Wang, Shur-Jen and others},
  journal={Journal of biomedical semantics},
  volume={5},
  number={1},
  pages={1--12},
  year={2014},
  publisher={Springer}
}

@article{demir2013,
  title={Using biological pathway data with paxtools},
  author={Demir, Emek and Babur, {\"O}zg{\"u}n and Rodchenkov, Igor and Aksoy, B{\"u}lent Arman and Fukuda, Ken I and Gross, Benjamin and S{\"u}mer, Onur Sel{\c{c}}uk and Bader, Gary D and Sander, Chris},
  journal={PLoS computational biology},
  volume={9},
  number={9},
  pages={e1003194},
  year={2013},
  publisher={Public Library of Science San Francisco, USA}
}

@article{rodchenkov2020,
  title={Pathway Commons 2019 Update: integration, analysis and exploration of pathway data},
  author={Rodchenkov, Igor and Babur, Ozgun and Luna, Augustin and Aksoy, Bulent Arman and Wong, Jeffrey V and Fong, Dylan and Franz, Max and Siper, Metin Can and Cheung, Manfred and Wrana, Michael and others},
  journal={Nucleic acids research},
  volume={48},
  number={D1},
  pages={D489-D497},
  year={2020},
  publisher={Oxford University Press}
}

@article{herwig2016,
  title={Analyzing and interpreting genome data at the network level with ConsensusPathDB},
  author={Herwig, Ralf and Hardt, Christopher and Lienhard, Matthias and Kamburov, Atanas},
  journal={Nature protocols},
  volume={11},
  number={10},
  pages={1889-1907},
  year={2016},
  publisher={Nature Publishing Group}
}

@article{reimand2019,
  title={Pathway enrichment analysis and visualization of omics data using g: Profiler, GSEA, Cytoscape and EnrichmentMap},
  author={Reimand, J{\"u}ri and Isserlin, Ruth and Voisin, Veronique and Kucera, Mike and Tannus-Lopes, Christian and Rostamianfar, Asha and Wadi, Lina and Meyer, Mona and Wong, Jeff and Xu, Changjiang and others},
  journal={Nature protocols},
  volume={14},
  number={2},
  pages={482-517},
  year={2019},
  publisher={Nature Publishing Group}
}

@article{maleki2020,
  title={Gene set analysis: challenges, opportunities, and future research},
  author={Maleki, Farhad and Ovens, Katie and Hogan, Daniel J and Kusalik, Anthony J},
  journal={Frontiers in genetics},
  pages={654},
  year={2020},
  publisher={Frontiers}
}

@article{subramanian2005,
  title={Gene set enrichment analysis: a knowledge-based approach for interpreting genome-wide expression profiles},
  author={Subramanian, Aravind and Tamayo, Pablo and Mootha, Vamsi K and Mukherjee, Sayan and Ebert, Benjamin L and Gillette, Michael A and Paulovich, Amanda and Pomeroy, Scott L and Golub, Todd R and Lander, Eric S and others},
  journal={Proceedings of the National Academy of Sciences},
  volume={102},
  number={43},
  pages={15545-15550},
  year={2005},
  publisher={National Acad Sciences}
}

@article{hung2012,
  title={Gene set enrichment analysis: performance evaluation and usage guidelines},
  author={Hung, Jui-Hung and Yang, Tun-Hsiang and Hu, Zhenjun and Weng, Zhiping and DeLisi, Charles},
  journal={Briefings in bioinformatics},
  volume={13},
  number={3},
  pages={281-291},
  year={2012},
  publisher={Oxford University Press}
}

@article{pavlopoulos2011,
  title={Using graph theory to analyze biological networks},
  author={Pavlopoulos, Georgios A and Secrier, Maria and Moschopoulos, Charalampos N and Soldatos, Theodoros G and Kossida, Sophia and Aerts, Jan and Schneider, Reinhard and Bagos, Pantelis G},
  journal={BioData mining},
  volume={4},
  number={1},
  pages={1-27},
  year={2011},
  publisher={Springer}
}

@article{mason2007,
  title={Graph theory and networks in biology},
  author={Mason, Oliver and Verwoerd, Mark},
  journal={IET systems biology},
  volume={1},
  number={2},
  pages={89-119},
  year={2007},
  publisher={IET}
}

@book{cormen2022,
  title={Introduction to algorithms},
  author={Cormen, Thomas H and Leiserson, Charles E and Rivest, Ronald L and Stein, Clifford},
  year={2022},
  publisher={MIT press}
}

@article{pavlopoulos2018,
  title={Bipartite graphs in systems biology and medicine: a survey of methods and applications},
  author={Pavlopoulos, Georgios A and Kontou, Panagiota I and Pavlopoulou, Athanasia and Bouyioukos, Costas and Markou, Evripides and Bagos, Pantelis G},
  journal={GigaScience},
  volume={7},
  number={4},
  pages={giy014},
  year={2018},
  publisher={Oxford University Press}
}


@article{yang2014,
  title={YTRP: a repository for yeast transcriptional regulatory pathways},
  author={Yang, Tzu-Hsien and Wang, Chung-Ching and Wang, Yu-Chao and Wu, Wei-Sheng},
  journal={Database},
  volume={2014},
  year={2014},
  publisher={Oxford Academic}
}

@article{langfelder2008,
  title={WGCNA: an R package for weighted correlation network analysis},
  author={Langfelder, Peter and Horvath, Steve},
  journal={BMC bioinformatics},
  volume={9},
  number={1},
  pages={1-13},
  year={2008},
  publisher={BioMed Central}
}

@article{ehrlinger2016,
  title={Towards a definition of knowledge graphs.},
  author={Ehrlinger, Lisa and W{\"o}{\ss}, Wolfram},
  journal={SEMANTiCS (Posters, Demos, SuCCESS)},
  volume={48},
  number={1-4},
  pages={2},
  year={2016},
  publisher={Citeseer}
}

@article{liu2020,
  title={Computational network biology: data, models, and applications},
  author={Liu, Chuang and Ma, Yifang and Zhao, Jing and Nussinov, Ruth and Zhang, Yi-Cheng and Cheng, Feixiong and Zhang, Zi-Ke},
  journal={Physics Reports},
  volume={846},
  pages={1-66},
  year={2020},
  publisher={Elsevier}
}

@online{kg2020,
  author={Department of Computer Science, Stanford University},
  title={Knowledge Graphs},
  url={https://web.stanford.edu/class/cs520/2020/notes/What_is_a_Knowledge_Graph.html},
  year={2020}
}

@article{wishart2018,
  title={DrugBank 5.0: a major update to the DrugBank database for 2018},
  author={Wishart, David S and Feunang, Yannick D and Guo, An C and Lo, Elvis J and Marcu, Ana and Grant, Jason R and Sajed, Tanvir and Johnson, Daniel and Li, Carin and Sayeeda, Zinat and others},
  journal={Nucleic acids research},
  volume={46},
  number={D1},
  pages={D1074--D1082},
  year={2018},
  publisher={Oxford University Press}
}

@article{cowen2017,
  title={Network propagation: a universal amplifier of genetic associations},
  author={Cowen, L. and Ideker, T. and Raphael, B. J. and Sharan, R.},
  journal={Nature Reviews Genetics},
  volume={18},
  number={9},
  pages={551-562},
  year={2017}
}

@article{zhu2002,
  title={Learning from labeled and unlabeled data with label propagation},
  author={Zhu, Xiaojin and Ghahramani, Zoubin},
   journal={Technical Report CMU-CALD-02-107, Carnegie Mellon University},
  year={2002},
  publisher={Citeseer}
  
}

@article{wang2014,
  title={Similarity network fusion for aggregating data types on a genomic scale},
  author={Wang, Bo and Mezlini, Aziz M and Demir, Feyyaz and Fiume, Marc and Tu, Zhuowen and Brudno, Michael and Haibe-Kains, Benjamin and Goldenberg, Anna},
  journal={Nature methods},
  volume={11},
  number={3},
  pages={333--337},
  year={2014},
  publisher={Nature Publishing Group}
}

@article{warde2010,
  title={The GeneMANIA prediction server: biological network integration for gene prioritization and predicting gene function},
  author={Warde-Farley, David and Donaldson, Sylva L and Comes, Ovi and Zuberi, Khalid and Badrawi, Rashad and Chao, Pauline and Franz, Max and Grouios, Chris and Kazi, Farzana and Lopes, Christian Tannus and others},
  journal={Nucleic acids research},
  volume={38},
  number={suppl\_2},
  pages={W214--W220},
  year={2010},
  publisher={Oxford University Press}
}

@article{leiserson2015,
  title={Pan-cancer network analysis identifies combinations of rare somatic mutations across pathways and protein complexes},
  author={Leiserson, Mark DM and Vandin, Fabio and Wu, Hsin-Ta and Dobson, Jason R and Eldridge, Jonathan V and Thomas, Jacob L and Papoutsaki, Alexandra and Kim, Younhun and Niu, Beifang and McLellan, Michael and others},
  journal={Nature genetics},
  volume={47},
  number={2},
  pages={106--114},
  year={2015},
  publisher={Nature Publishing Group}
}

@book{needham2019,
  title={Graph algorithms: practical examples in Apache Spark and Neo4j},
  author={Needham, Mark and Hodler, Amy E},
  year={2019},
  publisher={O'Reilly Media}
}

@article{nicholson2020,
  title={Constructing knowledge graphs and their biomedical applications},
  author={Nicholson, David N and Greene, Casey S},
  journal={Computational and structural biotechnology journal},
  volume={18},
  pages={1414--1428},
  year={2020},
  publisher={Elsevier}
}

@article{morton2019,
  title={ROBOKOP: an abstraction layer and user interface for knowledge graphs to support question answering},
  author={Morton, Kenneth and Wang, Patrick and Bizon, Chris and Cox, Steven and Balhoff, James and Kebede, Yaphet and Fecho, Karamarie and Tropsha, Alexander},
  journal={Bioinformatics},
  volume={35},
  number={24},
  pages={5382--5384},
  year={2019},
  publisher={Oxford University Press}
}

@article{youn2022,
  title={Knowledge integration and decision support for accelerated discovery of antibiotic resistance genes},
  author={Youn, Jason and Rai, Navneet and Tagkopoulos, Ilias},
  journal={Nature Communications},
  volume={13},
  number={1},
  pages={1-11},
  year={2022},
  publisher={Nature Publishing Group}
}

@inproceedings{karim2019,
  title={Drug-drug interaction prediction based on knowledge graph embeddings and convolutional-LSTM network},
  author={Karim, Md Rezaul and Cochez, Michael and Jares, Joao Bosco and Uddin, Mamtaz and Beyan, Oya and Decker, Stefan},
  booktitle={Proceedings of the 10th ACM international conference on bioinformatics, computational biology and health informatics},
  pages={113--123},
  year={2019}
}

@article{yu2021,
  title={SumGNN: multi-typed drug interaction prediction via efficient knowledge graph summarization},
  author={Yu, Yue and Huang, Kexin and Zhang, Chao and Glass, Lucas M and Sun, Jimeng and Xiao, Cao},
  journal={Bioinformatics},
  volume={37},
  number={18},
  pages={2988--2995},
  year={2021},
  publisher={Oxford University Press}
}

@article{celebi2019,
  title={Evaluation of knowledge graph embedding approaches for drug-drug interaction prediction in realistic settings},
  author={Celebi, Remzi and Uyar, Huseyin and Yasar, Erkan and Gumus, Ozgur and Dikenelli, Oguz and Dumontier, Michel},
  journal={BMC bioinformatics},
  volume={20},
  number={1},
  pages={1--14},
  year={2019},
  publisher={BioMed Central}
}

@article{abdelaziz2017,
  title={Large-scale structural and textual similarity-based mining of knowledge graph to predict drug--drug interactions},
  author={Abdelaziz, Ibrahim and Fokoue, Achille and Hassanzadeh, Oktie and Zhang, Ping and Sadoghi, Mohammad},
  journal={Journal of Web Semantics},
  volume={44},
  pages={104--117},
  year={2017},
  publisher={Elsevier}
}

@inproceedings{lin2020KG,
  title={KGNN: Knowledge Graph Neural Network for Drug-Drug Interaction Prediction.},
  author={Lin, Xuan and Quan, Zhe and Wang, Zhi-Jie and Ma, Tengfei and Zeng, Xiangxiang},
  booktitle={IJCAI},
  volume={380},
  pages={2739--2745},
  year={2020}
}

@article{li2020real,
  title={Real-world data medical knowledge graph: construction and applications},
  author={Li, Linfeng and Wang, Peng and Yan, Jun and Wang, Yao and Li, Simin and Jiang, Jinpeng and Sun, Zhe and Tang, Buzhou and Chang, Tsung-Hui and Wang, Shenghui and others},
  journal={Artificial intelligence in medicine},
  volume={103},
  pages={101817},
  year={2020},
  publisher={Elsevier}
}

@inproceedings{mohamed2019,
  title={Drug target discovery using knowledge graph embeddings},
  author={Mohamed, Sameh K and Nounu, Aayah and Nov{\'a}{\v{c}}ek, V{\'\i}t},
  booktitle={Proceedings of the 34th ACM/SIGAPP Symposium on Applied Computing},
  pages={11--18},
  year={2019}
}

@article{cai2018,
  title={A comprehensive survey of graph embedding: Problems, techniques, and applications},
  author={Cai, Hongyun and Zheng, Vincent W and Chang, Kevin Chen-Chuan},
  journal={IEEE Transactions on Knowledge and Data Engineering},
  volume={30},
  number={9},
  pages={1616--1637},
  year={2018},
  publisher={IEEE}
}

@article{atz2021,
  title={Geometric deep learning on molecular representations},
  author={Atz, Kenneth and Grisoni, Francesca and Schneider, Gisbert},
  journal={Nature Machine Intelligence},
  volume={3},
  number={12},
  pages={1023--1032},
  year={2021},
  publisher={Nature Publishing Group}
}

@article{bean2017,
  title={Knowledge graph prediction of unknown adverse drug reactions and validation in electronic health records},
  author={Bean, Daniel M and Wu, Honghan and Iqbal, Ehtesham and Dzahini, Olubanke and Ibrahim, Zina M and Broadbent, Matthew and Stewart, Robert and Dobson, Richard JB},
  journal={Scientific reports},
  volume={7},
  number={1},
  pages={1--11},
  year={2017},
  publisher={Nature Publishing Group}
}

@article{zitnik2018,
  title={Modeling polypharmacy side effects with graph convolutional networks},
  author={Zitnik, Marinka and Agrawal, Monica and Leskovec, Jure},
  journal={Bioinformatics},
  volume={34},
  number={13},
  pages={i457--i466},
  year={2018},
  publisher={Oxford University Press}
}

@article{dai2015,
  title={Matrix factorization-based prediction of novel drug indications by integrating genomic space},
  author={Dai, Wen and Liu, Xi and Gao, Yibo and Chen, Lin and Song, Jianglong and Chen, Di and Gao, Kuo and Jiang, Yongshi and Yang, Yiping and Chen, Jianxin and others},
  journal={Computational and mathematical methods in medicine},
  volume={2015},
  year={2015},
  publisher={Hindawi}
}

@article{dai2021,
  title={Drug--drug interaction prediction with Wasserstein Adversarial Autoencoder-based knowledge graph embeddings},
  author={Dai, Yuanfei and Guo, Chenhao and Guo, Wenzhong and Eickhoff, Carsten},
  journal={Briefings in bioinformatics},
  volume={22},
  number={4},
  pages={bbaa256},
  year={2021},
  publisher={Oxford University Press}
}

@article{domingo2022,
  title={Causal reasoning over knowledge graphs leveraging drug-perturbed and disease-specific transcriptomic signatures for drug discovery},
  author={Domingo-Fernández, Daniel and Gadiya, Yojana and Patel, Abhishek and Mubeen, Sarah and Rivas-Barragan, Daniel and Diana, Chris W and Misra, Biswapriya B and Healey, David and Rokicki, Joe and Colluru, Viswa},
  journal={PLoS computational biology},
  volume={18},
  number={2},
  pages={e1009909},
  year={2022},
  publisher={Public Library of Science San Francisco, CA USA}
}

@article{lee2018,
  title={Drug repositioning using drug-disease vectors based on an integrated network},
  author={Lee, Taekeon and Yoon, Youngmi},
  journal={BMC bioinformatics},
  volume={19},
  number={1},
  pages={1--12},
  year={2018},
  publisher={Springer}
}

@article{yu2016,
  title={Prediction of drugs having opposite effects on disease genes in a directed network},
  author={Yu, Hasun and Choo, Sungji and Park, Junseok and Jung, Jinmyung and Kang, Yeeok and Lee, Doheon},
  journal={BMC systems biology},
  volume={10},
  number={1},
  pages={17-25},
  year={2016},
  publisher={Springer}
}

@article{isik2015,
  title={Drug target prioritization by perturbed gene expression and network information},
  author={Isik, Zerrin and Baldow, Christoph and Cannistraci, Carlo Vittorio and Schroeder, Michael},
  journal={Scientific reports},
  volume={5},
  number={1},
  pages={1--13},
  year={2015},
  publisher={Nature Publishing Group}
}

@article{kotlyar2012,
  title={Network-based characterization of drug-regulated genes, drug targets, and toxicity},
  author={Kotlyar, Max and Fortney, Kristen and Jurisica, Igor},
  journal={Methods},
  volume={57},
  number={4},
  pages={499--507},
  year={2012},
  publisher={Elsevier}
}

@article{fortunato2016,
  title={Community detection in networks: A user guide},
  author={Fortunato, Santo and Hric, Darko},
  journal={Physics reports},
  volume={659},
  pages={1--44},
  year={2016},
  publisher={Elsevier}
}

@article{girvan2002,
  title={Community structure in social and biological networks},
  author={Girvan, Michelle and Newman, Mark EJ},
  journal={Proceedings of the national academy of sciences},
  volume={99},
  number={12},
  pages={7821--7826},
  year={2002},
  publisher={National Acad Sciences}
}

@article{hartwell1999,
  title={From molecular to modular cell biology},
  author={Hartwell, Leland H and Hopfield, John J and Leibler, Stanislas and Murray, Andrew W},
  journal={Nature},
  volume={402},
  number={6761},
  pages={C47--C52},
  year={1999},
  publisher={Nature Publishing Group}
}

@article{choobdar2019,
  title={Assessment of network module identification across complex diseases},
  author={Choobdar, Sarvenaz and Ahsen, Mehmet E and Crawford, Jake and Tomasoni, Mattia and Fang, Tao and Lamparter, David and Lin, Junyuan and Hescott, Benjamin and Hu, Xiaozhe and Mercer, Johnathan and others},
  journal={Nature methods},
  volume={16},
  number={9},
  pages={843--852},
  year={2019},
  publisher={Nature Publishing Group}
}

@article{gustafsson2014,
  title={Modules, networks and systems medicine for understanding disease and aiding diagnosis},
  author={Gustafsson, Mika and Nestor, Colm E and Zhang, Huan and Barabási, Albert-László and Baranzini, Sergio and Brunak, Sören and Chung, Kian Fan and Federoff, Howard J and Gavin, Anne-Claude and Meehan, Richard R and others},
  journal={Genome medicine},
  volume={6},
  number={10},
  pages={1--11},
  year={2014},
  publisher={Springer}
}

@article{huttlin2017,
  title={Architecture of the human interactome defines protein communities and disease networks},
  author={Huttlin, Edward L and Bruckner, Raphael J and Paulo, Joao A and Cannon, Joe R and Ting, Lily and Baltier, Kurt and Colby, Greg and Gebreab, Fana and Gygi, Melanie P and Parzen, Hannah and others},
  journal={Nature},
  volume={545},
  number={7655},
  pages={505--509},
  year={2017},
  publisher={Nature Publishing Group}
}

@article{menche2015,
  title={Uncovering disease-disease relationships through the incomplete interactome},
  author={Menche, J{\"o}rg and Sharma, Amitabh and Kitsak, Maksim and Ghiassian, Susan Dina and Vidal, Marc and Loscalzo, Joseph and Barab{\'a}si, Albert-L{\'a}szl{\'o}},
  journal={Science},
  volume={347},
  number={6224},
  pages={1257601},
  year={2015},
  publisher={American Association for the Advancement of Science}
}

@article{ghiassian2015,
  title={A DIseAse MOdule Detection (DIAMOnD) algorithm derived from a systematic analysis of connectivity patterns of disease proteins in the human interactome},
  author={Ghiassian, Susan Dina and Menche, J{\"o}rg and Barab{\'a}si, Albert-L{\'a}szl{\'o}},
  journal={PLoS computational biology},
  volume={11},
  number={4},
  pages={e1004120},
  year={2015},
  publisher={Public Library of Science San Francisco, CA USA}
}

@article{enright2002,
  title={An efficient algorithm for large-scale detection of protein families},
  author={Enright, Anton J and Van Dongen, Stijn and Ouzounis, Christos A},
  journal={Nucleic acids research},
  volume={30},
  number={7},
  pages={1575--1584},
  year={2002},
  publisher={Oxford University Press}
}

@article{lu2011,
  title={Link prediction in complex networks: A survey},
  author={L{\"u}, Linyuan and Zhou, Tao},
  journal={Physica A: statistical mechanics and its applications},
  volume={390},
  number={6},
  pages={1150--1170},
  year={2011},
  publisher={Elsevier}
}

@article{kovacs2019,
  title={Network-based prediction of protein interactions},
  author={Kov{\'a}cs, Istv{\'a}n A and Luck, Katja and Spirohn, Kerstin and Wang, Yang and Pollis, Carl and Schlabach, Sadie and Bian, Wenting and Kim, Dae-Kyum and Kishore, Nishka and Hao, Tong and others},
  journal={Nature communications},
  volume={10},
  number={1},
  pages={1--8},
  year={2019},
  publisher={Nature Publishing Group}
}

@article{abbas2021,
  title={Application of network link prediction in drug discovery},
  author={Abbas, Khushnood and Abbasi, Alireza and Dong, Shi and Niu, Ling and Yu, Laihang and Chen, Bolun and Cai, Shi-Min and Hasan, Qambar},
  journal={BMC bioinformatics},
  volume={22},
  number={1},
  pages={1--21},
  year={2021},
  publisher={Springer}
}

@article{camacho2018,
  title={Next-generation machine learning for biological networks},
  author={Camacho, Diogo M and Collins, Katherine M and Powers, Rani K and Costello, James C and Collins, James J},
  journal={Cell},
  volume={173},
  number={7},
  pages={1581-1592},
  year={2018},
  publisher={Elsevier}
}

@article{hamilton2017,
  title={Representation learning on graphs: Methods and applications},
  author={Hamilton, William L and Ying, Rex and Leskovec, Jure},
  journal={IEEE Data Engineering Bulletin},
   volume={40},
  number={3},
  pages={52-74},
  year={2017}
}

@article{su2020,
  title={Network embedding in biomedical data science},
  author={Su, Chang and Tong, Jie and Zhu, Yongjun and Cui, Peng and Wang, Fei},
  journal={Briefings in bioinformatics},
  volume={21},
  number={1},
  pages={182--197},
  year={2020},
  publisher={Oxford University Press}
}

@article{belkin2001,
  title={Laplacian eigenmaps and spectral techniques for embedding and clustering},
  author={Belkin, Mikhail and Niyogi, Partha},
  journal={Advances in neural information processing systems},
  volume={14},
  year={2001}
}

@inproceedings{grover2016,
  title={node2vec: Scalable feature learning for networks},
  author={Grover, Aditya and Leskovec, Jure},
  booktitle={Proceedings of the 22nd ACM SIGKDD international conference on Knowledge discovery and data mining},
  pages={855--864},
  year={2016}
}

@article{kipf2016,
  title={Semi-supervised classification with graph convolutional networks},
  author={Kipf, Thomas N and Welling, Max},
  journal={International Conference on Learning Representations (ICLR)},
  year={2017}
}

@inproceedings{nickel2016,
  title={Holographic embeddings of knowledge graphs},
  author={Nickel, Maximilian and Rosasco, Lorenzo and Poggio, Tomaso},
  booktitle={Proceedings of the AAAI Conference on Artificial Intelligence},
  volume={30},
  number={1},
  year={2016}
}

@article{bordes2013,
  title={Translating embeddings for modeling multi-relational data},
  author={Bordes, Antoine and Usunier, Nicolas and Garcia-Duran, Alberto and Weston, Jason and Yakhnenko, Oksana},
  journal={Advances in neural information processing systems},
  volume={26},
  year={2013}
}

@inproceedings{dong2017,
  title={metapath2vec: Scalable representation learning for heterogeneous networks},
  author={Dong, Yuxiao and Chawla, Nitesh V and Swami, Ananthram},
  booktitle={Proceedings of the 23rd ACM SIGKDD international conference on knowledge discovery and data mining},
  pages={135--144},
  year={2017}
}

@article{kulmanov2018,
  title={DeepGO: predicting protein functions from sequence and interactions using a deep ontology-aware classifier},
  author={Kulmanov, Maxat and Khan, Mohammed Asif and Hoehndorf, Robert},
  journal={Bioinformatics},
  volume={34},
  number={4},
  pages={660--668},
  year={2018},
  publisher={Oxford University Press}
}

@article{ratajczak2022,
  title={Task-driven knowledge graph filtering improves prioritizing drugs for repurposing},
  author={Ratajczak, Florin and Joblin, Mitchell and Ringsquandl, Martin and Hildebrandt, Marcel},
  journal={BMC bioinformatics},
  volume={23},
  number={1},
  pages={1--19},
  year={2022},
  publisher={Springer}
}

@article{peng2019,
  title={Predicting Parkinson's disease genes based on node2vec and autoencoder},
  author={Peng, Jiajie and Guan, Jiaojiao and Shang, Xuequn},
  journal={Frontiers in genetics},
  volume={10},
  pages={226},
  year={2019},
  publisher={Frontiers}
}

@article{luo2017,
  title={A network integration approach for drug-target interaction prediction and computational drug repositioning from heterogeneous information},
  author={Luo, Yunan and Zhao, Xinbin and Zhou, Jingtian and Yang, Jinglin and Zhang, Yanqing and Kuang, Wenhua and Peng, Jian and Chen, Ligong and Zeng, Jianyang},
  journal={Nature communications},
  volume={8},
  number={1},
  pages={1--13},
  year={2017},
  publisher={Nature Publishing Group}
}

@article{wang2019,
  title={Identification of pathways associated with chemosensitivity through network embedding},
  author={Wang, Sheng and Huang, Edward and Cairns, Junmei and Peng, Jian and Wang, Liewei and Sinha, Saurabh},
  journal={PLoS computational biology},
  volume={15},
  number={3},
  pages={e1006864},
  year={2019},
  publisher={Public Library of Science San Francisco, CA USA}
}

@incollection{li2018,
  title={Word embedding for understanding natural language: a survey},
  author={Li, Yang and Yang, Tao},
  booktitle={Guide to big data applications},
  pages={83--104},
  year={2018},
  publisher={Springer}
}

@article{balabin2022,
  title={STonKGs: a sophisticated transformer trained on biomedical text and knowledge graphs},
  author={Balabin, Helena and Hoyt, Charles Tapley and Birkenbihl, Colin and Gyori, Benjamin M and Bachman, John and Kodamullil, Alpha Tom and Pl{\"o}ger, Paul G and Hofmann-Apitius, Martin and Domingo-Fern{\'a}ndez, Daniel},
  journal={Bioinformatics},
  volume={38},
  number={6},
  pages={1648--1656},
  year={2022},
  publisher={Oxford University Press}
}

@article{domingo2018,
  title={ComPath: an ecosystem for exploring, analyzing, and curating mappings across pathway databases},
  author={Domingo-Fernández, Daniel and Hoyt, Charles Tapley and Bobis-Álvarez, Carlos and Marín-Llaó, Josep and Hofmann-Apitius, Martin},
  journal={NPJ systems biology and applications},
  volume={4},
  number={1},
  pages={1-8},
  year={2018},
  publisher={Nature Publishing Group}
}

@article{domingo2019,
  title={PathMe: merging and exploring mechanistic pathway knowledge},
  author={Domingo-Fernández, D. and Mubeen, S. and Marín-Llaó, J. and Hoyt, C. T. and Hofmann-Apitius, M.},
  journal={BMC bioinformatics},
  volume={20},
  number={1},
  pages={1-12},
  year={2019}
}

@article{kanehisa2000,
  title={KEGG: kyoto encyclopedia of genes and genomes},
  author={Kanehisa, Minoru and Goto, Susumu},
  journal={Nucleic acids research},
  volume={28},
  number={1},
  pages={27-30},
  year={2000},
  publisher={Oxford University Press}
}

@article{bairoch2000,
  title={The ENZYME database in 2000},
  author={Bairoch, Amos},
  journal={Nucleic acids research},
  volume={28},
  number={1},
  pages={304--305},
  year={2000},
  publisher={Oxford University Press}
}

@article{chang2021,
  title={BRENDA, the ELIXIR core data resource in 2021: new developments and updates},
  author={Chang, Antje and Jeske, Lisa and Ulbrich, Sandra and Hofmann, Julia and Koblitz, Julia and Schomburg, Ida and Neumann-Schaal, Meina and Jahn, Dieter and Schomburg, Dietmar},
  journal={Nucleic Acids Research},
  volume={49},
  number={D1},
  pages={D498--D508},
  year={2021},
  publisher={Oxford University Press}
}

@article{dobrin2009,
  title={Multi-tissue coexpression networks reveal unexpected subnetworks associated with disease},
  author={Dobrin, R. and Zhu, J. and Molony, C. and Argman, C. and Parrish, M.L. and Carlson, S. and Allan, M.F. and Pomp, D. and Schadt, E.E.},
  journal={Genome biology},
  volume={10},
  number={5},
  pages={1-3},
  year={2009}
}

@article{pierson2015,
  title={Sharing and specificity of co-expression networks across 35 human tissues},
  author={Pierson, E. and GTEx Consortium and Koller, D. and Battle, A. and Mostafavi, S.},
  journal={PLoS computational biology},
  volume={11},
  number={5},
  pages={e1004220},
  year={2015}
}

@article{mckenzie2018,
  title={Brain cell type specific gene expression and co-expression network architectures},
  author={McKenzie, A.T. and Wang, M. and Hauberg, M.E. and Fullard, J.F. and Kozlenkov, A. and Keenan A. \textit{et al.}},
  journal={Scientific reports},
  volume={8},
  number={1},
  pages={1-9},
  year={2018}
}

 @thesis{mubeen2018, 
  author={Mubeen, Sarah}, 
  url={10.13140/RG.2.2.35374.36168}, 
  title={Harmonizing major pathway databases to compare and evaluate their  consensus}, 
 year={2018}
 } 
 
 @article{weinstein2013,
  title={The cancer genome atlas pan-cancer analysis project},
  author={Weinstein, John N and Collisson, Eric A and Mills, Gordon B and Shaw, Kenna R and Ozenberger, Brad A and Ellrott, Kyle and Shmulevich, Ilya and Sander, Chris and Stuart, Joshua M},
  journal={Nature genetics},
  volume={45},
  number={10},
  pages={1113--1120},
  year={2013},
  publisher={Nature Publishing Group}
}

@article{liberzon2015,
  title={The molecular signatures database hallmark gene set collection},
  author={Liberzon, Arthur and Birger, Chet and Thorvaldsd{\'o}ttir, Helga and Ghandi, Mahmoud and Mesirov, Jill P and Tamayo, Pablo},
  journal={Cell systems},
  volume={1},
  number={6},
  pages={417--425},
  year={2015},
  publisher={Elsevier}
}

@incollection{fisher1992,
  title={Statistical methods for research workers},
  author={Fisher, Ronald Aylmer},
  booktitle={Breakthroughs in statistics},
  pages={66--70},
  year={1992},
  publisher={Springer}
}

@article{tarca2009,
  title={A novel signaling pathway impact analysis},
  author={Tarca, Adi Laurentiu and Draghici, Sorin and Khatri, Purvesh and Hassan, Sonia S and Mittal, Pooja and Kim, Jung-sun and Kim, Chong Jai and Kusanovic, Juan Pedro and Romero, Roberto},
  journal={Bioinformatics},
  volume={25},
  number={1},
  pages={75--82},
  year={2009},
  publisher={Oxford University Press}
}

@article{barbie2009,
  title={Systematic RNA interference reveals that oncogenic KRAS-driven cancers require TBK1},
  author={Barbie, David A and Tamayo, Pablo and Boehm, Jesse S and Kim, So Young and Moody, Susan E and Dunn, Ian F and Schinzel, Anna C and Sandy, Peter and Meylan, Etienne and Scholl, Claudia and others},
  journal={Nature},
  volume={462},
  number={7269},
  pages={108--112},
  year={2009},
  publisher={Nature Publishing Group}
}

@article{zhou2014,
  title={Human symptoms-disease network},
  author={Zhou, XueZhong and Menche, J{\"o}rg and Barab{\'a}si, Albert-L{\'a}szl{\'o} and Sharma, Amitabh},
  journal={Nature communications},
  volume={5},
  number={1},
  pages={1--10},
  year={2014},
  publisher={Nature Publishing Group}
}

@article{huang2020,
  title={miRTarBase 2020: updates to the experimentally validated microRNA--target interaction database},
  author={Huang, Hsi-Yuan and Lin, Yang-Chi-Dung and Li, Jing and Huang, Kai-Yao and Shrestha, Sirjana and Hong, Hsiao-Chin and Tang, Yun and Chen, Yi-Gang and Jin, Chen-Nan and Yu, Yuan and others},
  journal={Nucleic acids research},
  volume={48},
  number={D1},
  pages={D148--D154},
  year={2020},
  publisher={Oxford University Press}
}

@article{kuhn2016,
  title={The SIDER database of drugs and side effects},
  author={Kuhn, Michael and Letunic, Ivica and Jensen, Lars Juhl and Bork, Peer},
  journal={Nucleic acids research},
  volume={44},
  number={D1},
  pages={D1075--D1079},
  year={2016},
  publisher={Oxford University Press}
}

@article{cheng2019,
  title={Network-based prediction of drug combinations},
  author={Cheng, Feixiong and Kov{\'a}cs, Istv{\'a}n A and Barab{\'a}si, Albert-L{\'a}szl{\'o}},
  journal={Nature communications},
  volume={10},
  number={1},
  pages={1--11},
  year={2019},
  publisher={Nature Publishing Group}
}

@article{chandak2022,
  title={Building a knowledge graph to enable precision medicine},
  author={Chandak, Payal and Huang, Kexin and Zitnik, Marinka},
  journal={bioRxiv},
  year={2022},
  publisher={Cold Spring Harbor Laboratory}
}

@article{hasenauer2022,
  title={Mathematical modelling of high-throughput and high-content data},
  author={Hasenauer, Jan and Banga, Julio R and Martina-Perez, Simon and Sailem, Heba and Baker, Ruth E},
  journal={Current Opinion in Systems Biology},
  volume={29},
  pages={100405},
  year={2022},
  publisher={Elsevier}
}

@article{villaverde2022,
  title={A protocol for dynamic model calibration},
  author={Villaverde, Alejandro F and Pathirana, Dilan and Fr{\"o}hlich, Fabian and Hasenauer, Jan and Banga, Julio R},
  journal={Briefings in bioinformatics},
  volume={23},
  number={1},
  pages={bbab387},
  year={2022},
  publisher={Oxford University Press}
}

@article{bodein2022,
  title={Interpretation of network-based integration from multi-omics longitudinal data},
  author={Bodein, Antoine and Scott-Boyer, Marie-Pier and Perin, Olivier and L{\^e} Cao, Kim-Anh and Droit, Arnaud},
  journal={Nucleic acids research},
  volume={50},
  number={5},
  pages={e27--e27},
  year={2022},
  publisher={Oxford University Press}
}

@article{wang2021,
  title={Combining graph convolutional neural networks and label propagation},
  author={Wang, Hongwei and Leskovec, Jure},
  journal={ACM Transactions on Information Systems (TOIS)},
  volume={40},
  number={4},
  pages={1--27},
  year={2021},
  publisher={ACM New York, NY}
}